@book{maturana1980autopoiesis,
  title     = {Autopoiesis and Cognition: The Realization of the Living},
  author    = {Maturana, Humberto R. and Varela, Francisco J.},
  year      = {1980},
  publisher = {D. Reidel},
  address   = {Dordrecht, The Netherlands}
}

@book{ganti2003principles,
  title     = {The Principles of Life},
  author    = {Gánti, Tibor},
  year      = {2003},
  publisher = {Oxford University Press},
  address   = {Oxford, U.K.}
}

@article{tononi2004information,
  title   = {An information integration theory of consciousness},
  author  = {Tononi, Giulio},
  journal = {BMC Neuroscience},
  volume  = {5},
  number  = {42},
  pages   = {1--22},
  year    = {2004}
}

@article{oizumi2014phenomenology,
  title   = {From the phenomenology to the mechanisms of consciousness: Integrated Information Theory 3.0},
  author  = {Oizumi, Masafumi and Albantakis, Larissa and Tononi, Giulio},
  journal = {PLoS Computational Biology},
  volume  = {10},
  number  = {5},
  pages   = {e1003588},
  year    = {2014}
}

@article{friston2010free,
  title   = {The free-energy principle: A unified brain theory?},
  author  = {Friston, Karl J.},
  journal = {Nature Reviews Neuroscience},
  volume  = {11},
  number  = {2},
  pages   = {127--138},
  year    = {2010}
}

@article{lau2011empirical,
  title   = {Empirical support for higher-order theories of conscious awareness},
  author  = {Lau, Hakwan and Rosenthal, David},
  journal = {Trends in Cognitive Sciences},
  volume  = {15},
  number  = {8},
  pages   = {365--373},
  year    = {2011}
}

@article{kastrup2019ontological,
  title   = {An ontological solution to the mind--body problem},
  author  = {Kastrup, Bernardo},
  journal = {Philosophies},
  volume  = {4},
  number  = {2},
  pages   = {33},
  year    = {2019}
}

@article{hoffman2020objects,
  title   = {Objects of consciousness},
  author  = {Hoffman, Donald D. and Prakash, Chetan},
  journal = {Frontiers in Psychology},
  volume  = {11},
  pages   = {577429},
  year    = {2020}
}

@article{bongard2013morphological,
  title   = {Morphological change in machines accelerates the evolution of robust behavior},
  author  = {Bongard, Josh},
  journal = {Proceedings of the National Academy of Sciences},
  volume  = {110},
  number  = {42},
  pages   = {16816--16821},
  year    = {2013}
}

@article{kriegman2020scalable,
  title   = {A scalable pipeline for designing reconfigurable organisms},
  author  = {Kriegman, Sam and Blackiston, Douglas and Levin, Michael and Bongard, Josh},
  journal = {Proceedings of the National Academy of Sciences},
  volume  = {117},
  number  = {4},
  pages   = {1853--1859},
  year    = {2020}
}

@article{alkire2008consciousness,
  title   = {Consciousness and anesthesia},
  author  = {Alkire, Michael T. and Hudetz, Anthony G. and Tononi, Giulio},
  journal = {Science},
  volume  = {322},
  number  = {5903},
  pages   = {876--880},
  year    = {2008}
}

@article{cully2015robots,
  title   = {Robots that can adapt like animals},
  author  = {Cully, Antoine and Clune, Jeff and Tarapore, Danesh and Mouret, Jean-Baptiste},
  journal = {Nature},
  volume  = {521},
  number  = {7553},
  pages   = {503--507},
  year    = {2015}
}

@article{barrett2011practical,
  title   = {Practical measures of integrated information for time-series data},
  author  = {Barrett, Adam B. and Seth, Anil K.},
  journal = {PLoS Computational Biology},
  volume  = {7},
  number  = {1},
  pages   = {e1001052},
  year    = {2011}
}

@article{balduzzi2008integrated,
  title   = {Integrated information in discrete dynamical systems: Motivation and theoretical framework},
  author  = {Balduzzi, David and Tononi, Giulio},
  journal = {PLoS Computational Biology},
  volume  = {4},
  number  = {6},
  pages   = {e1000091},
  year    = {2008}
}

@book{ashby1956introduction,
  title     = {An Introduction to Cybernetics},
  author    = {Ashby, W. Ross},
  year      = {1956},
  publisher = {Chapman \& Hall},
  address   = {London, U.K.}
}

@book{shannon1949mathematical,
  title     = {The Mathematical Theory of Communication},
  author    = {Shannon, Claude E. and Weaver, Warren},
  year      = {1949},
  publisher = {University of Illinois Press},
  address   = {Urbana, IL, USA}
}

@book{cover2006elements,
  title     = {Elements of Information Theory},
  author    = {Cover, Thomas M. and Thomas, Joy A.},
  edition   = {2nd},
  year      = {2006},
  publisher = {Wiley-Interscience},
  address   = {Hoboken, NJ, USA}
}

@article{dipaolo2005autopoiesis,
  title   = {Autopoiesis, adaptivity, teleology, agency},
  author  = {Di Paolo, Ezequiel},
  journal = {Phenomenology and the Cognitive Sciences},
  volume  = {4},
  pages   = {429--452},
  year    = {2005}
}

@article{ruizmirazo2008basic,
  title   = {On the way towards 'basic autonomy': An emergent protocol for sustained organization of a minimal system of lipidic vesicles},
  author  = {Ruiz-Mirazo, Kepa and Mavelli, Fabio},
  journal = {Origins of Life and Evolution of the Biosphere},
  volume  = {38},
  number  = {3},
  pages   = {211--218},
  year    = {2008}
}

@article{fox2007spontaneous,
  title   = {Spontaneous fluctuations in brain activity observed with functional magnetic resonance imaging},
  author  = {Fox, Michael D. and Raichle, Marcus E.},
  journal = {Nature Reviews Neuroscience},
  volume  = {8},
  number  = {9},
  pages   = {700--711},
  year    = {2007}
}

@article{bongard2006resilient,
  title   = {Resilient machines through continuous self-modeling},
  author  = {Bongard, Josh and Zykov, Victor and Lipson, Hod},
  journal = {Science},
  volume  = {314},
  number  = {5802},
  pages   = {1118--1121},
  year    = {2006}
}

@book{pfeifer2007body,
  title     = {How the Body Shapes the Way We Think: A New View of Intelligence},
  author    = {Pfeifer, Rolf and Bongard, Josh C.},
  year      = {2007},
  publisher = {MIT Press},
  address   = {Cambridge, MA, USA}
}

@article{hesp2020deep,
  title   = {Deep active inference: A variational principle for action, perception, and learning},
  author  = {Hesp, Casper and Tschantz, Alexander and Ueltzhöffer, Kai and Friston, Karl J.},
  journal = {Biological Cybernetics},
  volume  = {114},
  number  = {6},
  pages   = {593--645},
  year    = {2020}
}

@book{wiener1961cybernetics,
  title     = {Cybernetics: Or Control and Communication in the Animal and the Machine},
  author    = {Wiener, Norbert},
  edition   = {2nd},
  year      = {1961},
  publisher = {MIT Press},
  address   = {Cambridge, MA, USA}
}

@article{seth2016active,
  title   = {Active interoceptive inference and the emotional brain},
  author  = {Seth, Anil K. and Friston, Karl J.},
  journal = {Philosophical Transactions of the Royal Society B},
  volume  = {371},
  number  = {1708},
  pages   = {20160007},
  year    = {2016}
}

@article{raichle2011restless,
  title   = {The restless brain},
  author  = {Raichle, Marcus E.},
  journal = {Brain Connectivity},
  volume  = {1},
  number  = {1},
  pages   = {3--12},
  year    = {2011}
}

@book{varela1979principles,
  title     = {Principles of Biological Autonomy},
  author    = {Varela, Francisco J.},
  year      = {1979},
  publisher = {Elsevier North-Holland},
  address   = {New York, NY, USA}
}

@inproceedings{froese2007life,
  title     = {Life after Ashby: Ultrastability and autopoiesis},
  author    = {Froese, Tom and Stewart, John},
  booktitle = {Proceedings of the 9th European Conference on Artificial Life},
  pages     = {411--420},
  year      = {2007}
}

@article{akopyan2015truenorth,
  title   = {{TrueNorth}: Design and tool flow of a 65 mW 1 million neuron programmable neurosynaptic chip},
  author  = {Akopyan, Filipp and others},
  journal = {IEEE Transactions on Computer-Aided Design of Integrated Circuits and Systems},
  volume  = {34},
  number  = {10},
  pages   = {1537--1557},
  year    = {2015}
}

@article{blumel2021synthetic,
  title   = {Synthetic protocells: From vesicles to protocell communities},
  author  = {Blümel, Patrick and Schilstra, Diek and Strack, Benedikt and Kauffmann, Sebastian},
  journal = {Chemical Reviews},
  volume  = {121},
  number  = {9},
  pages   = {5482--5547},
  year    = {2021}
}

@article{kiefer2022active,
  title   = {Active inference, autopoiesis and the free energy principle},
  author  = {Kiefer, Alex J.},
  journal = {Synthese},
  volume  = {200},
  number  = {5},
  pages   = {1--32},
  year    = {2022}
}
